@article{lande1999,
 ISSN = {00030147, 15375323},
 URL = {http://www.jstor.org/stable/10.1086/303240},
 author = {Russell Lande and Steinar Engen and Bernt‐Erik Sæther and Associate Editor: Lenore Fahrig},
 journal = {The American Naturalist},
 number = {3},
 pages = {271--281},
 publisher = {[The University of Chicago Press, The American Society of Naturalists]},
 title = {Spatial Scale of Population Synchrony: Environmental Correlation
versus Dispersal and Density Regulation},
 volume = {154},
 year = {1999}
}


@article{liebhold2004,
author = {Liebhold, Andrew and Koenig, Walter D. and Bjørnstad, Ottar N.},
title = {Spatial Synchrony in Population Dynamics},
journal = {Annual Review of Ecology, Evolution, and Systematics},
volume = {35},
number = {1},
pages = {467-490},
year = {2004},
doi = {10.1146/annurev.ecolsys.34.011802.132516},
URL = {https://doi.org/10.1146/annurev.ecolsys.34.011802.132516},
eprint = {https://doi.org/10.1146/annurev.ecolsys.34.011802.132516}
}


@article{walter2017,
  title={The geography of spatial synchrony},
  author={Walter, Jonathan A and Sheppard, Lawrence W and Anderson, Thomas L and Kastens, Jude H and Bj{\o}rnstad, Ottar N and Liebhold, Andrew M and Reuman, Daniel C},
  journal={Ecology letters},
  volume={20},
  number={7},
  pages={801--814},
  year={2017},
  publisher={Wiley Online Library}
}


@article{miller1986,
  title={Synchronous population fluctuations among moth species (Lepidoptera)},
  author={Miller, William E and Epstein, Marc E},
  journal={Environmental Entomology},
  volume={15},
  number={3},
  pages={443--447},
  year={1986},
  publisher={Oxford University Press Oxford, UK}
}

@article{hanski1993,
  title={Spatial synchrony in the dynamics of moth and aphid populations},
  author={Hanski, Ilkka and Woiwod, Ian P},
  journal={Journal of Animal Ecology},
  pages={656--668},
  year={1993},
  publisher={JSTOR}
}

@article{williams2000,
  title={Spatial synchrony of spruce budworm outbreaks in eastern North America},
  author={Williams, David W and Liebhold, Andrew M},
  journal={Ecology},
  volume={81},
  number={10},
  pages={2753--2766},
  year={2000},
  publisher={Wiley Online Library}
}


@article{paradis2000,
  title={Spatial synchrony in populations of birds: effects of habitat, population trend, and spatial scale},
  author={Paradis, Emmanuel and Baillie, Stephen R and Sutherland, William J and Gregory, Richard D},
  journal={Ecology},
  volume={81},
  number={8},
  pages={2112--2125},
  year={2000},
  publisher={Wiley Online Library}
}


@article{koenig2016,
  title={Temporally increasing spatial synchrony of North American temperature and bird populations},
  author={Koenig, Walter D and Liebhold, Andrew M},
  journal={Nature Climate Change},
  volume={6},
  number={6},
  pages={614},
  year={2016},
  publisher={Nature Publishing Group}
}


@article{ranta1995,
  title={Synchrony in population dynamics},
  author={Ranta, Esa and Kaitala, Veijo and Lindstr{\"o}m, Jan and Linden, Harto},
  journal={Proc. R. Soc. Lond. B},
  volume={262},
  number={1364},
  pages={113--118},
  year={1995},
  publisher={The Royal Society}
}

@article{vasseur2007,
  title={Spectral analysis unmasks synchronous and compensatory dynamics in plankton communities},
  author={Vasseur, David A and Gaedke, Ursula},
  journal={Ecology},
  volume={88},
  number={8},
  pages={2058--2071},
  year={2007},
  publisher={Wiley Online Library}
}

@article{defriez2017,
  title={A global geography of synchrony for marine phytoplankton},
  author={Defriez, Emma J and Reuman, Daniel C},
  journal={Global Ecology and Biogeography},
  volume={26},
  number={8},
  pages={867--877},
  year={2017},
  publisher={Wiley Online Library}
}


@article{steen1996,
  title={Spatial and temporal patterns of small-rodent population dynamics at a regional scale},
  author={Steen, Harald and Ims, Rolf A and Sonerud, Geir A},
  journal={Ecology},
  volume={77},
  number={8},
  pages={2365--2372},
  year={1996},
  publisher={Wiley Online Library}
}

@article{connor2006,
  title={Synchrony, social behaviour and alliance affiliation in Indian Ocean bottlenose dolphins, Tursiops aduncus},
  author={Connor, Richard C and Smolker, Rachel and Bejder, Lars},
  journal={Animal Behaviour},
  volume={72},
  number={6},
  pages={1371--1378},
  year={2006},
  publisher={Elsevier}
}




@article{ranta1997,
  title={The Moran effect and synchrony in population dynamics},
  author={Ranta, Esa and Kaitala, Veijo and Lindstr{\"o}m, Jan and Helle, Eero},
  journal={Oikos},
  pages={136--142},
  year={1997},
  publisher={JSTOR}
}

@article{moran1953,
title={The statistical analysis of the Canadian lynx cycle. II. Synchronization and meteorology},
volume={1}, DOI={10.1071/zo9530291}, journal={Australian Journal of Zoology},
author={Moran, P. A. P.},
year={1953}, pages={291}}


@article{bjornstad1999,
  title={Spatial population dynamics: analyzing patterns and processes of population synchrony},
  author={Bj{\o}rnstad, Ottar N and Ims, Rolf A and Lambin, Xavier},
  journal={Trends in Ecology \& Evolution},
  volume={14},
  number={11},
  pages={427--432},
  year={1999},
  publisher={Elsevier}
}

@article{kendall2000,
  title={Dispersal, environmental correlation, and spatial synchrony in population dynamics},
  author={Kendall, Bruce E and Bj{\o}rnstad, Ottar N and Bascompte, Jordi and Keitt, Timothy H and Fagan, William F},
  journal={The American Naturalist},
  volume={155},
  number={5},
  pages={628--636},
  year={2000},
  publisher={The University of Chicago Press}
}

@article{raimondo2004pop,
  title={Population synchrony within and among Lepidoptera species in relation to weather, phylogeny, and larval phenology},
  author={Raimondo, Sandy and Liebhold, Andrew M and Strazanac, John S and Butler, Linda},
  journal={Ecological Entomology},
  volume={29},
  number={1},
  pages={96--105},
  year={2004},
  publisher={Wiley Online Library}
}

@article{raimondo2004interspecific,
  title={Interspecific synchrony among foliage-feeding forest Lepidoptera species and the potential role of generalist predators as synchronizing agents},
  author={Raimondo, Sandy and Turc{\'a}ni, Marek and Pato{\`e}ka, Jan and Liebhold, Andrew M},
  journal={Oikos},
  volume={107},
  number={3},
  pages={462--470},
  year={2004},
  publisher={Wiley Online Library}
}

@article{lahoz2011,
  title={A capture--recapture model for exploring multi-species synchrony in survival},
  author={Lahoz-Monfort, Jos{\'e} J and Morgan, Byron JT and Harris, Michael P and Wanless, Sarah and Freeman, Stephen N},
  journal={Methods in Ecology and Evolution},
  volume={2},
  number={1},
  pages={116--124},
  year={2011},
  publisher={Wiley Online Library}
}

@article{robertson2015,
  title={Variation in population synchrony in a multi-species seabird community: response to changes in predator abundance},
  author={Robertson, Gail S and Bolton, Mark and Morrison, Paul and Monaghan, Pat},
  journal={PloS one},
  volume={10},
  number={6},
  pages={e0131543},
  year={2015},
  publisher={Public Library of Science}
}

@article{begon2006ecology,
  title={Ecology: From Individuals to Ecosystems., 4th edn.(Blackwell Publishing: Oxford, UK.)},
  author={Begon, M and Townsend, CR and Harper, JL},
  year={2006}
}

@article{hawkins1998,
  title={Transcontinental crashes of insect populations?},
  author={Hawkins, Bradford A and Holyoak, Marcel},
  journal={The American Naturalist},
  volume={152},
  number={3},
  pages={480--484},
  year={1998},
  publisher={The University of Chicago Press}
}

@article{macaulay1988,
title={The Rothamsted Insect Survey ‘12-metre' suction trap},
volume={78}, DOI={10.1017/S0007485300016126},
number={1}, journal={Bulletin of Entomological Research},
publisher={Cambridge University Press},
author={Macaulay, E. D. M. and Tatchell, G. M. and Taylor, L. R.},
year={1988}, pages={121–128}}

@article{harrington2014,
  title={The Rothamsted Insect Survey strikes gold},
  author={Harrington, R},
  journal={Antenna},
  volume={38},
  pages={159--166},
  year={2014}
}

@article{sheppard2016,
  title={Changes in large-scale climate alter spatial synchrony of aphid pests},
  author={Sheppard, Lawrence W and Bell, James R and Harrington, Richard and Reuman, Daniel C},
  journal={Nature Climate Change},
  volume={6},
  number={6},
  pages={610},
  year={2016},
  publisher={Nature Publishing Group}
}

@article{sheppard2017,
title={Rapid surrogate testing of wavelet coherences},
volume={5}, DOI={10.1051/epjnbp/2017000}, journal={EPJ Nonlinear Biomedical Physics},
author={Sheppard, Lawrence W. and Reid, Philip C. and Reuman, Daniel C.},
year={2017}, pages={1}}

@article{sklar1959_theorem,
title={Fonctions de r{\'e}partition {\`a} n dimensions et leurs marges},
author={Sklar, A},
journal={Publications de l'institute de statistique de l'Universit{\'e} de Paris},
volume={8},
pages={229-231},
year={1959}}

@book{joe2014_dependence,
  title={Dependence Modeling with Copulas},
  author={Joe, H.},
  series={Chapman \& Hall/CRC Monographs on Statistics \& Applied Probability},
  year={2014},
  publisher={Taylor \& Francis}
}

@book{nelsen2006_copula,
  title={An Introduction to Copulas, Second Edition},
  author={Nelsen, Roger B},
  year={2006},
  publisher={Springer},
}

@book{MaiScherer2017,
  title={Simulating copulas: Stochastic models, sampling algorithms, and applications, 2nd edition},
  author={Mai, J-F and Scherer, M},
  year={2017},
  publisher={Imperial College Press},
  location={London}
}

@book{burnham2003_modelselection,
  title={Model selection and multimodel inference: a practical information-theoretic approach},
  author={Burnham, Kenneth P and Anderson, David R},
  year={2003},
  publisher={Springer Science \& Business Media}
}

@article{watson1998,
  title={The regional impacts of climate change},
  author={Watson, Robert T and Zinyowera, Marufu C and Moss, Richard H and Dokken, David J},
  journal={An assessment of vulnerability: A Special Report of IPCC Working Group II},
  pages={517},
  year={1998}
}

@article{last2011,
  title={Long-term shifts in abundance and distribution of a temperate fish fauna: a response to climate change and fishing practices},
  author={Last, Peter R and White, William T and Gledhill, Daniel C and Hobday, Alistair J and Brown, Rebecca and Edgar, Graham J and Pecl, Gretta},
  journal={Global Ecology and Biogeography},
  volume={20},
  number={1},
  pages={58--72},
  year={2011},
  publisher={Wiley Online Library}
}

@article{ficke2007,
  title={Potential impacts of global climate change on freshwater fisheries},
  author={Ficke, Ashley D and Myrick, Christopher A and Hansen, Lara J},
  journal={Reviews in Fish Biology and Fisheries},
  volume={17},
  number={4},
  pages={581--613},
  year={2007},
  publisher={Springer}
}

@article{hatfield2015,
  title={Temperature extremes: Effect on plant growth and development},
  author={Hatfield, Jerry L and Prueger, John H},
  journal={Weather and climate extremes},
  volume={10},
  pages={4--10},
  year={2015},
  publisher={Elsevier}
}


@article{hobbs1991,
  title={Effects of rainfall variability and gopher disturbance on serpentine annual grassland dynamics},
  author={Hobbs, Richard J and Mooney, Harold A},
  journal={Ecology},
  volume={72},
  number={1},
  pages={59--68},
  year={1991},
  publisher={Wiley Online Library}
}


@article{gulmon1983,
  title={Phenology and resource use in three co-occurring grassland annuals},
  author={Gulmon, SL and Chiariello, NR and Mooney, HA and Chu, CC},
  journal={Oecologia},
  volume={58},
  number={1},
  pages={33--42},
  year={1983},
  publisher={Springer}
}

@article{reynolds1997,
  title={Soil heterogeneity and plant competition in anannual grassland},
  author={Reynolds, Heather L and Hungate, Bruce A and Chapin III, FS and D’Antonio, Carla M},
  journal={Ecology},
  volume={78},
  number={7},
  pages={2076--2090},
  year={1997},
  publisher={Wiley Online Library}
}

@article{hobbs1985,
  title={Community and population dynamics of serpentine grassland annuals in relation to gopher disturbance},
  author={Hobbs, Richard J and Mooney, Harold A},
  journal={Oecologia},
  volume={67},
  number={3},
  pages={342--351},
  year={1985},
  publisher={Springer}
}

@article{moloney1992,
  title={Pattern and scale in a serpentine grassland},
  author={Moloney, Kirk A and Levin, Simon A and Chiariello, Nona R and Buttel, Linda},
  journal={Theoretical Population Biology},
  volume={41},
  number={3},
  pages={257--276},
  year={1992},
  publisher={Elsevier}
}

@article{moloney1996,
  title={The effects of disturbance architecture on landscape-level population dynamics},
  author={Moloney, Kirk A and Levin, Simon A},
  journal={Ecology},
  volume={77},
  number={2},
  pages={375--394},
  year={1996},
  publisher={Wiley Online Library}
}

@article{wu1994,
  title={A spatial patch dynamic modeling approach to pattern and process in an annual grassland},
  author={Wu, Jianguo and Levin, Simon A},
  journal={Ecological monographs},
  volume={64},
  number={4},
  pages={447--464},
  year={1994},
  publisher={Wiley Online Library}
}

@article{koide1987,
  title={Revegetation of serpentine substrates: response to phosphate application},
  author={Koide, Roger T and Mooney, Harold A},
  journal={Environmental Management},
  volume={11},
  number={4},
  pages={563--567},
  year={1987},
  publisher={Springer}
}

@book{gibson2009,
  title={Grasses and grassland ecology},
  author={Gibson, David J},
  year={2009},
  publisher={Oxford University Press}
}

@article{turner1989,
  title={Landscape ecology: the effect of pattern on process},
  author={Turner, Monica Goigel},
  journal={Annual review of ecology and systematics},
  volume={20},
  number={1},
  pages={171--197},
  year={1989},
  publisher={Annual Reviews 4139 El Camino Way, PO Box 10139, Palo Alto, CA 94303-0139, USA}
}

@article{mcnaughton1983,
  title={Serengeti grassland ecology: the role of composite environmental factors and contingency in community organization},
  author={McNaughton, SJ},
  journal={Ecological monographs},
  volume={53},
  number={3},
  pages={291--320},
  year={1983},
  publisher={Wiley Online Library}
}

@article{bardgett2008,
  title={Microbial contributions to climate change through carbon cycle feedbacks},
  author={Bardgett, Richard D and Freeman, Chris and Ostle, Nicholas J},
  journal={The ISME journal},
  volume={2},
  number={8},
  pages={805},
  year={2008},
  publisher={Nature Publishing Group}
}

@article{parton1995,
  title={Impact of climate change on grassland production and soil carbon worldwide},
  author={Parton, WJ and Scurlock, JMO and Ojima, DS and Schimel, DS and Hall, DO and Scopegram Group Members},
  journal={Global Change Biology},
  volume={1},
  number={1},
  pages={13--22},
  year={1995},
  publisher={Wiley Online Library}
}

@article{belsky1992,
  title={Effects of grazing, competition, disturbance and fire on species composition and diversity in grassland communities},
  author={Belsky, A Joy},
  journal={Journal of Vegetation Science},
  volume={3},
  number={2},
  pages={187--200},
  year={1992},
  publisher={Wiley Online Library}
}

@article{collins1992,
  title={Fire frequency and community heterogeneity in tallgrass prairie vegetation},
  author={Collins, Scott L},
  journal={Ecology},
  volume={73},
  number={6},
  pages={2001--2006},
  year={1992},
  publisher={Wiley Online Library}
}

@article{olff1998,
  title={Effects of herbivores on grassland plant diversity},
  author={Olff, Han and Ritchie, Mark E},
  journal={Trends in ecology \& evolution},
  volume={13},
  number={7},
  pages={261--265},
  year={1998},
  publisher={Elsevier}
}

@article{fry2017,
  title={Plant, soil and microbial controls on grassland diversity restoration: a long-term, multi-site mesocosm experiment},
  author={Fry, Ellen L and Pilgrim, Emma S and Tallowin, Jerry RB and Smith, Roger S and Mortimer, Simon R and Beaumont, Deborah A and Simkin, Janet and Harris, Stephanie J and Shiel, Robert S and Quirk, Helen and others},
  journal={Journal of Applied Ecology},
  volume={54},
  number={5},
  pages={1320--1330},
  year={2017},
  publisher={Wiley Online Library}
}

@article{potts2003,
  title={Linking bees and flowers: how do floral communities structure pollinator communities?},
  author={Potts, Simon G and Vulliamy, Betsy and Dafni, Amots and Ne'eman, Gidi and Willmer, Pat},
  journal={Ecology},
  volume={84},
  number={10},
  pages={2628--2642},
  year={2003},
  publisher={Wiley Online Library}
}

@article{hudewenz2012,
  title={Herbivore and pollinator responses to grassland management intensity along experimental changes in plant species richness},
  author={Hudewenz, Anika and Klein, Alexandra-Maria and Scherber, Christoph and Stanke, Lea and Tscharntke, Teja and Vogel, Anja and Weigelt, Alexandra and Weisser, Wolfgang W and Ebeling, Anne},
  journal={Biological Conservation},
  volume={150},
  number={1},
  pages={42--52},
  year={2012},
  publisher={Elsevier}
}

@article{canals2003,
  title={How disturbance by fossorial mammals alters N cycling in a California annual grassland},
  author={Canals, Rosa M and Herman, Donald J and Firestone, Mary K},
  journal={Ecology},
  volume={84},
  number={4},
  pages={875--881},
  year={2003},
  publisher={Wiley Online Library}
}

@article{fay2015,
  title={Grassland productivity limited by multiple nutrients},
  author={Fay, Philip A and Prober, Suzanne M and Harpole, W Stanley and Knops, Johannes MH and Bakker, Jonathan D and Borer, Elizabeth T and Lind, Eric M and MacDougall, Andrew S and Seabloom, Eric W and Wragg, Peter D and others},
  journal={Nature Plants},
  volume={1},
  number={7},
  pages={15080},
  year={2015},
  publisher={Nature Publishing Group}
}

@article{john2007,
  title={Soil nutrients influence spatial distributions of tropical tree species},
  author={John, Robert and Dalling, James W and Harms, Kyle E and Yavitt, Joseph B and Stallard, Robert F and Mirabello, Matthew and Hubbell, Stephen P and Valencia, Renato and Navarrete, Hugo and Vallejo, Martha and others},
  journal={Proceedings of the National Academy of Sciences},
  volume={104},
  number={3},
  pages={864--869},
  year={2007},
  publisher={National Acad Sciences}
}

@article{reynolds2003,
  title={Grassroots ecology: plant--microbe--soil interactions as drivers of plant community structure and dynamics},
  author={Reynolds, Heather L and Packer, Alissa and Bever, James D and Clay, Keith},
  journal={Ecology},
  volume={84},
  number={9},
  pages={2281--2291},
  year={2003},
  publisher={Wiley Online Library}
}

@article{de2004,
  title={Plant community development is affected by nutrients and soil biota},
  author={De Deyn, GB and Raaijmakers, CE and Van der Putten, WH},
  journal={Journal of Ecology},
  volume={92},
  number={5},
  pages={824--834},
  year={2004},
  publisher={Wiley Online Library}
}

@article{harpole2016,
  title={Addition of multiple limiting resources reduces grassland diversity},
  author={Harpole, W Stanley and Sullivan, Lauren L and Lind, Eric M and Firn, Jennifer and Adler, Peter B and Borer, Elizabeth T and Chase, Jonathan and Fay, Philip A and Hautier, Yann and Hillebrand, Helmut and others},
  journal={Nature},
  volume={537},
  number={7618},
  pages={93},
  year={2016},
  publisher={Nature Publishing Group}
}

@article{cowles2016,
  title={Shifting grassland plant community structure drives positive interactive effects of warming and diversity on aboveground net primary productivity},
  author={Cowles, Jane M and Wragg, Peter D and Wright, Alexandra J and Powers, Jennifer S and Tilman, David},
  journal={Global change biology},
  volume={22},
  number={2},
  pages={741--749},
  year={2016},
  publisher={Wiley Online Library}
}

@article{garcia2018,
  title={Changes in temperature alter the relationship between biodiversity and ecosystem functioning},
  author={Garc{\'\i}a, Francisca C and Bestion, Elvire and Warfield, Ruth and Yvon-Durocher, Gabriel},
  journal={Proceedings of the National Academy of Sciences},
  volume={115},
  number={43},
  pages={10989--10994},
  year={2018},
  publisher={National Acad Sciences}
}

@article{harrison2015,
  title={Climate-driven diversity loss in a grassland community},
  author={Harrison, Susan P and Gornish, Elise S and Copeland, Stella},
  journal={Proceedings of the National Academy of Sciences},
  volume={112},
  number={28},
  pages={8672--8677},
  year={2015},
  publisher={National Acad Sciences}
}

@article{eisenhauer2013,
  title={Plant diversity effects on soil food webs are stronger than those of elevated CO2 and N deposition in a long-term grassland experiment},
  author={Eisenhauer, Nico and Dobies, Tomasz and Cesarz, Simone and Hobbie, Sarah E and Meyer, Ross J and Worm, Kally and Reich, Peter B},
  journal={Proceedings of the National Academy of Sciences},
  pages={201217382},
  year={2013},
  publisher={National Acad Sciences}
}

@article{zavaleta2003,
  title={Additive effects of simulated climate changes, elevated CO2, and nitrogen deposition on grassland diversity},
  author={Zavaleta, Erika S and Shaw, M Rebecca and Chiariello, Nona R and Mooney, Harold A and Field, Christopher B},
  journal={Proceedings of the National academy of Sciences},
  volume={100},
  number={13},
  pages={7650--7654},
  year={2003},
  publisher={National Acad Sciences}
}



@article{white2001,
  title={Impacts of extreme climatic events on competition during grassland invasions},
  author={White, TodD A and Campbell, Bruce D and Kemp, Peter D and Hunt, Chris L},
  journal={Global Change Biology},
  volume={7},
  number={1},
  pages={1--13},
  year={2001},
  publisher={Wiley Online Library}
}

@article{sm2001,
  title={Grassland invasions: effects of manipulations of climate and management},
  author={SM, Buckland and JG, Hodgson and JP, Grime and others},
  journal={Journal of Applied Ecology},
  volume={38},
  number={2},
  pages={301--309},
  year={2001},
  publisher={Wiley Online Library}
}

@article{thomason2017,
  title={Spatial pattern and scale influence invader demographic response to simulated precipitation change in an annual grassland community},
  author={Thomason, Meghan J Skaer and Rice, Kevin J},
  journal={PloS one},
  volume={12},
  number={1},
  pages={e0169328},
  year={2017},
  publisher={Public Library of Science}
}

@incollection{thomas2004,
  title={Metapopulation dynamics in changing environments: butterfly responses to habitat and climate change},
  author={Thomas, Chris D and Hanski, Ilkka},
  booktitle={Ecology, genetics and evolution of metapopulations},
  pages={489--514},
  year={2004},
  publisher={Elsevier}
}

@article{mclaughlin2002,
  title={Climate change hastens population extinctions},
  author={McLaughlin, John F and Hellmann, Jessica J and Boggs, Carol L and Ehrlich, Paul R},
  journal={Proceedings of the National Academy of Sciences},
  volume={99},
  number={9},
  pages={6070--6074},
  year={2002},
  publisher={National Acad Sciences}
}

@article{hobbs2007,
  title={Long-term data reveal complex dynamics in grassland in relation to climate and disturbance},
  author={Hobbs, Richard J and Yates, Susan and Mooney, Harold A},
  journal={Ecological Monographs},
  volume={77},
  number={4},
  pages={545--568},
  year={2007},
  publisher={Wiley Online Library}
}

@article{zhu2016,
  title={Nonlinear, interacting responses to climate limit grassland production under global change},
  author={Zhu, Kai and Chiariello, Nona R and Tobeck, Todd and Fukami, Tadashi and Field, Christopher B},
  journal={Proceedings of the National Academy of Sciences},
  volume={113},
  number={38},
  pages={10589--10594},
  year={2016},
  publisher={National Acad Sciences}
}

@book{stromberg2007,
  title={California grasslands: ecology and management},
  author={Stromberg, Mark R and Corbin, Jeffrey D and Antonio, Carla MD},
  year={2007},
  publisher={Univ of California Press}
}

@article{hallett2014,
  title={Biotic mechanisms of community stability shift along a precipitation gradient},
  author={Hallett, Lauren M and Hsu, Joanna S and Cleland, Elsa E and Collins, Scott L and Dickson, Timothy L and Farrer, Emily C and Gherardi, Laureano A and Gross, Katherine L and Hobbs, Richard J and Turnbull, Laura and others},
  journal={Ecology},
  volume={95},
  number={6},
  pages={1693--1700},
  year={2014},
  publisher={Wiley Online Library}
}


@article{li2013,
author={Li, Y and Xie, K and Hu, B},
title={Copula-ARMA model for multivariate wind speed and its applications in reliability assessment of generating systems},
journal={Journal of Electrical Engineering and Technology},
volume={8},
pages={421-427},
year={2013}}

@article{serinaldi2008,
author = {Serinaldi, Francesco},
year = {2008},
month = {10},
pages = {671-688},
title = {Analysis of inter-gauge dependence by Kendall's $\tau$ $K$ , upper tail dependence coefficient, and 2copulas with application to rainfall fields},
volume = {22},
booktitle = {Stochastic Environmental Research and Risk Assessment - STOCH ENVIRON RES RISK ASSESS}
}

@article{goswami2018,
  title={Copula-based probabilistic characterization of precipitation extremes over North Sikkim Himalaya},
  author={Goswami, Uttam P and Hazra, B and Goyal, Manish Kumar},
  journal={Atmospheric Research},
  year={2018},
  publisher={Elsevier}
}

@article{she2018,
  title={Copulas-based drought characteristics analysis and risk assessment across the Loess Plateau of China},
  author={She, Dunxian and Xia, Jun},
  journal={Water Resources Management},
  volume={32},
  number={2},
  pages={547--564},
  year={2018},
  publisher={Springer}
}

@article{griffin2014,
  title={How unusual is the 2012--2014 California drought?},
  author={Griffin, Daniel and Anchukaitis, Kevin J},
  journal={Geophysical Research Letters},
  volume={41},
  number={24},
  pages={9017--9023},
  year={2014},
  publisher={Wiley Online Library}
}

@article{pitt1978,
  title={Responses of annual vegetation to temperature and rainfall patterns in northern California},
  author={Pitt, MD and Heady, HF},
  journal={Ecology},
  volume={59},
  number={2},
  pages={336--350},
  year={1978},
  publisher={Wiley Online Library}
}

@book{harrison2011,
  title={Serpentine: the evolution and ecology of a model system},
  author={Harrison, Susan and Rajakaruna, Nishanta},
  year={2011},
  publisher={Univ of California Press}
}

@article{plaganyi2019,
  title={Climate change impacts on fisheries},
  author={Plag{\'a}nyi, {\'E}va},
  journal={Science},
  volume={363},
  number={6430},
  pages={930--931},
  year={2019},
  publisher={American Association for the Advancement of Science}
}


@article{bell2015,
  title={Long-term phenological trends, species accumulation rates, aphid traits and climate: five decades of change in migrating aphids},
  author={Bell, James R and Alderson, Lynda and Izera, Daniela and Kruger, Tracey and Parker, Sue and Pickup, Jon and Shortall, Chris R and Taylor, Mark S and Verrier, Paul and Harrington, Richard},
  journal={Journal of Animal Ecology},
  volume={84},
  number={1},
  pages={21--34},
  year={2015},
  publisher={Wiley Online Library}
}

@article{loreau2008species,
  title={Species synchrony and its drivers: neutral and nonneutral community dynamics in fluctuating environments},
  author={Loreau, Michel and de Mazancourt, Claire},
  journal={The American Naturalist},
  volume={172},
  number={2},
  pages={E48--E66},
  year={2008},
  publisher={The University of Chicago Press}
}

@article{jochimsen2013compensatory,
  title={Compensatory dynamics and the stability of phytoplankton biomass during four decades of eutrophication and oligotrophication},
  author={Jochimsen, Marc C and K{\"u}mmerlin, Reiner and Straile, Dietmar},
  journal={Ecology letters},
  volume={16},
  number={1},
  pages={81--89},
  year={2013},
  publisher={Wiley Online Library}
}

@article{kent2007synchrony,
  title={Synchrony in aquatic microbial community dynamics},
  author={Kent, Angela D and Yannarell, Anthony C and Rusak, James A and Triplett, Eric W and McMahon, Katherine D},
  journal={The ISME journal},
  volume={1},
  number={1},
  pages={38},
  year={2007},
  publisher={Nature Publishing Group}
}

@article{gonzalez2009causes,
  title={The causes and consequences of compensatory dynamics in ecological communities},
  author={Gonzalez, Andrew and Loreau, Michel},
  journal={Annu. Rev. Ecol. Evol. Syst.},
  volume={40},
  pages={393--414},
  year={2009},
  publisher={Annual Reviews}
}


%------hays references-------------
@article{albertson1937ecology,
  title={Ecology of mixed prairie in west central Kansas},
  author={Albertson, Frederick William},
  journal={Ecological Monographs},
  volume={7},
  number={4},
  pages={481--547},
  year={1937},
  publisher={Wiley Online Library}
}

@article{albertson1965vegation,
  title={Vegation Changes During a 30-Year Period in Grassland Communities Near Hays, Kansas},
  author={Albertson, FW and Tomanek, GW},
  journal={Ecology},
  volume={46},
  number={5},
  pages={714--720},
  year={1965},
  publisher={Wiley Online Library}
}

@article{adler2007long,
  title={{LONG-TERM MAPPED QUADRATS FROM KANSAS PRAIRIE: DEMOGRAPHIC INFORMATION FOR HERBACEOUS PLANTS}: {E}cological {A}rchives {E}088-161},
  author={Adler, Peter B and Tyburczy, William R and Lauenroth, William K},
  journal={Ecology},
  volume={88},
  number={10},
  pages={2673--2673},
  year={2007},
  publisher={Wiley Online Library}
}

@article{lauenroth2008demography,
  title={Demography of perennial grassland plants: survival, life expectancy and life span},
  author={Lauenroth, William K and Adler, Peter B},
  journal={Journal of Ecology},
  volume={96},
  number={5},
  pages={1023--1032},
  year={2008},
  publisher={Wiley Online Library}
}

@article{heisler2009contingent,
  title={Contingent productivity responses to more extreme rainfall regimes across a grassland biome},
  author={HEISLER-WHITE, JANA L and Blair, John M and Kelly, Eugene F and Harmoney, Keith and Knapp, Alan K},
  journal={Global Change Biology},
  volume={15},
  number={12},
  pages={2894--2904},
  year={2009},
  publisher={Wiley Online Library}
}

@article{fair1999demography,
  title={Demography of Bouteloua gracilis in a mixed prairie: analysis of genets and individuals},
  author={Fair, Julie and Lauenroth, WK and Coffin, DP},
  journal={Journal of Ecology},
  volume={87},
  number={2},
  pages={233--243},
  year={1999},
  publisher={Wiley Online Library}
}

@article{adler2006climate,
  title={Climate variability has a stabilizing effect on the coexistence of prairie grasses},
  author={Adler, Peter B and HilleRisLambers, Janneke and Kyriakidis, Phaedon C and Guan, Qingfeng and Levine, Jonathan M},
  journal={Proceedings of the National Academy of Sciences},
  volume={103},
  number={34},
  pages={12793--12798},
  year={2006},
  publisher={National Acad Sciences}
}


@article {Ghosh_copula,
	author = {Ghosh, Shyamolina and Sheppard, Lawrence W. and Holder, Mark T. and Loecke, Terrance E. and Reid, Philip C. and Bever, James D. and Reuman, Daniel C.},
	title = {Copulas and their potential for ecology},
	year = {2020},
	journal={Advances in Ecological Research},
	volume={62, In press},
	pages={preprint at https://www.biorxiv.org/content/early/2019/07/18/650838},
}


@article{ives1999stability,
  title={Stability and variability in competitive communities},
  author={Ives, Anthony R and Gross, Kay and Klug, Jennifer L},
  journal={Science},
  volume={286},
  number={5439},
  pages={542--544},
  year={1999},
  publisher={American Association for the Advancement of Science}
}

@article{wang2014ecosystem,
  title={Ecosystem stability in space: $\alpha$, $\beta$ and $\gamma$ variability},
  author={Wang, Shaopeng and Loreau, Michel},
  journal={Ecology letters},
  volume={17},
  number={8},
  pages={891--901},
  year={2014},
  publisher={Wiley Online Library}
}


@misc{Hartnett2019,
  title={{PVC02} {P}lant {S}pecies {C}omposition on {S}elected {W}atersheds at {K}onza {P}rairie, https://doi.org/10.6073/pasta/f7b9965ec6efa5247a97059bcdaf4a1b},
  author={Hartnett, D. and S. Collins},
  year={2019},
  journal={{E}nvironmental {D}ata {I}nitiative}
}

%============ past work =======================

@article{macarthur1955fluctuations,
  title={Fluctuations of animal populations and a measure of community stability},
  author={MacArthur, Robert},
  journal={ecology},
  volume={36},
  number={3},
  pages={533--536},
  year={1955},
  publisher={Wiley Online Library}
}

@article{paine1969note,
  title={A note on trophic complexity and community stability},
  author={Paine, Robert T},
  journal={The American Naturalist},
  volume={103},
  number={929},
  pages={91--93},
  year={1969},
  publisher={University of Chicago Press}
}

@article{grimm1992application,
  title={On the application of stability concepts in ecology},
  author={Grimm, Volker and Schmidt, Eric and Wissel, Christian},
  journal={Ecological modelling},
  volume={63},
  number={1-4},
  pages={143--161},
  year={1992},
  publisher={Elsevier}
}


@article{pimm1984complexity,
  title={The complexity and stability of ecosystems},
  author={Pimm, Stuart L},
  journal={Nature},
  volume={307},
  number={5949},
  pages={321},
  year={1984},
  publisher={Nature Publishing Group}
}

@article{schluter1984variance,
  title={A variance test for detecting species associations, with some example applications},
  author={Schluter, Dolph},
  journal={Ecology},
  volume={65},
  number={3},
  pages={998--1005},
  year={1984},
  publisher={Wiley Online Library}
}

@article{doak1998statistical,
  title={The statistical inevitability of stability-diversity relationships in community ecology},
  author={Doak, Daniel F and Bigger, D and Harding, EK and Marvier, MA and O'malley, RE and Thomson, D},
  journal={The American Naturalist},
  volume={151},
  number={3},
  pages={264--276},
  year={1998},
  publisher={The University of Chicago Press}
}


@article{mccann2000diversity,
  title={The diversity--stability debate},
  author={McCann, Kevin Shear},
  journal={Nature},
  volume={405},
  number={6783},
  pages={228--233},
  year={2000},
  publisher={Nature Publishing Group}
}

@article{ives2007stability,
  title={Stability and diversity of ecosystems},
  author={Ives, Anthony R and Carpenter, Stephen R},
  journal={science},
  volume={317},
  number={5834},
  pages={58--62},
  year={2007},
  publisher={American Association for the Advancement of Science}
}

@article{tilman1994biodiversity,
  title={Biodiversity and stability in grasslands},
  author={Tilman, David and Downing, John A},
  journal={Nature},
  volume={367},
  number={6461},
  pages={363--365},
  year={1994},
  publisher={Springer}
}

@article{goodman1975theory,
  title={The theory of diversity-stability relationships in ecology},
  author={Goodman, Daniel},
  journal={The Quarterly Review of Biology},
  volume={50},
  number={3},
  pages={237--266},
  year={1975},
  publisher={Stony Brook Foundation, Inc.}
}

@incollection{frost1995species,
  title={Species compensation and complementarity in ecosystem function},
  author={Frost, Thomas M and Carpenter, Stephen R and Ives, Anthony R and Kratz, Timothy K},
  booktitle={Linking species \& ecosystems},
  pages={224--239},
  year={1995},
  publisher={Springer}
}

@article{bai2004ecosystem,
  title={Ecosystem stability and compensatory effects in the Inner Mongolia grassland},
  author={Bai, Yongfei and Han, Xingguo and Wu, Jianguo and Chen, Zuozhong and Li, Linghao},
  journal={Nature},
  volume={431},
  number={7005},
  pages={181--184},
  year={2004},
  publisher={Nature Publishing Group}
}


@article{ma2017climate,
  title={Climate warming reduces the temporal stability of plant community biomass production},
  author={Ma, Zhiyuan and Liu, Huiying and Mi, Zhaorong and Zhang, Zhenhua and Wang, Yonghui and Xu, Wei and Jiang, Lin and He, Jin-Sheng},
  journal={Nature Communications},
  volume={8},
  number={1},
  pages={1--7},
  year={2017},
  publisher={Nature Publishing Group}
}

@article{abbott2011dispersal,
  title={A dispersal-induced paradox: synchrony and stability in stochastic metapopulations},
  author={Abbott, Karen C},
  journal={Ecology letters},
  volume={14},
  number={11},
  pages={1158--1169},
  year={2011},
  publisher={Wiley Online Library}
}

@article{keitt2008coherent,
  title={Coherent ecological dynamics induced by large-scale disturbance},
  author={Keitt, Timothy H},
  journal={Nature},
  volume={454},
  number={7202},
  pages={331--334},
  year={2008},
  publisher={Nature Publishing Group}
}

@article{guttal2008changing,
  title={Changing skewness: an early warning signal of regime shifts in ecosystems},
  author={Guttal, Vishwesha and Jayaprakash, Ciriyam},
  journal={Ecology letters},
  volume={11},
  number={5},
  pages={450--460},
  year={2008},
  publisher={Wiley Online Library}
}

@article{guttal2009spatial,
  title={Spatial variance and spatial skewness: leading indicators of regime shifts in spatial ecological systems},
  author={Guttal, Vishwesha and Jayaprakash, Ciriyam},
  journal={Theoretical Ecology},
  volume={2},
  number={1},
  pages={3--12},
  year={2009},
  publisher={Springer}
}

@article{dakos2010spatial,
  title={Spatial correlation as leading indicator of catastrophic shifts},
  author={Dakos, Vasilis and van Nes, Egbert H and Donangelo, Ra{\'u}l and Fort, Hugo and Scheffer, Marten},
  journal={Theoretical Ecology},
  volume={3},
  number={3},
  pages={163--174},
  year={2010},
  publisher={Springer}
}

@article{dakos2012methods,
  title={Methods for detecting early warnings of critical transitions in time series illustrated using simulated ecological data},
  author={Dakos, Vasilis and Carpenter, Stephen R and Brock, William A and Ellison, Aaron M and Guttal, Vishwesha and Ives, Anthony R and Kefi, Sonia and Livina, Valerie and Seekell, David A and van Nes, Egbert H and others},
  journal={PloS one},
  volume={7},
  number={7},
  year={2012},
  publisher={Public Library of Science}
}

@article{ummenhofer2017extreme,
  title={Extreme weather and climate events with ecological relevance: a review},
  author={Ummenhofer, Caroline C and Meehl, Gerald A},
  journal={Philosophical Transactions of the Royal Society B: Biological Sciences},
  volume={372},
  number={1723},
  pages={20160135},
  year={2017},
  publisher={The Royal Society}
}

@article{felton2017integrating,
  title={Integrating plant ecological responses to climate extremes from individual to ecosystem levels},
  author={Felton, Andrew J and Smith, Melinda D},
  journal={Philosophical Transactions of the Royal Society B: Biological Sciences},
  volume={372},
  number={1723},
  pages={20160142},
  year={2017},
  publisher={The Royal Society}
}

@article{hoover2014resistance,
  title={Resistance and resilience of a grassland ecosystem to climate extremes},
  author={Hoover, David L and Knapp, Alan K and Smith, Melinda D},
  journal={Ecology},
  volume={95},
  number={9},
  pages={2646--2656},
  year={2014},
  publisher={Wiley Online Library}
}

@article{ciais2005europe,
  title={Europe-wide reduction in primary productivity caused by the heat and drought in 2003},
  author={Ciais, Ph and Reichstein, M and Viovy, Nicolas and Granier, Andr{\'e} and Og{\'e}e, J{\'e}r{\^o}me and Allard, Vincent and Aubinet, Marc and Buchmann, Nina and Bernhofer, Chr and Carrara, Arnaud and others},
  journal={Nature},
  volume={437},
  number={7058},
  pages={529--533},
  year={2005},
  publisher={Nature Publishing Group}
}

@article{allen1998drought,
  title={Drought-induced shift of a forest--woodland ecotone: rapid landscape response to climate variation},
  author={Allen, Craig D and Breshears, David D},
  journal={Proceedings of the National Academy of Sciences},
  volume={95},
  number={25},
  pages={14839--14842},
  year={1998},
  publisher={National Acad Sciences}
}

@article{smith2011ecological,
  title={An ecological perspective on extreme climatic events: a synthetic definition and framework to guide future research},
  author={Smith, Melinda D},
  journal={Journal of Ecology},
  volume={99},
  number={3},
  pages={656--663},
  year={2011},
  publisher={Wiley Online Library}
}

@article{thibault2008impact,
  title={Impact of an extreme climatic event on community assembly},
  author={Thibault, Katherine M and Brown, James H},
  journal={Proceedings of the National Academy of Sciences},
  volume={105},
  number={9},
  pages={3410--3415},
  year={2008},
  publisher={National Acad Sciences}
}
